@misc{bibtex,
	author = {Alexander Feder},
	title = {About {BibTeX}},
	howpublished = {\url{http://www.bibtex.org/About/}},
	year = {2006}
}

@book{juul2010casual,
  title={A casual revolution: Reinventing video games and their players},
  author={Juul, Jesper},
  year={2010},
  publisher={MIT press}
}

@book{isbister2008game,
  title={Game usability: Advancing the player experience},
  author={Isbister, Katherine and Schaffer, Noah},
  year={2008},
  publisher={CRC press}
}

@inproceedings{missura2009player,
  title={Player modeling for intelligent difficulty adjustment},
  author={Missura, Olana and G{\"a}rtner, Thomas},
  booktitle={International Conference on Discovery Science},
  pages={197--211},
  year={2009},
  organization={Springer}
}

@article{qin2009effects,
  title={Effects of different scenarios of game difficulty on player immersion},
  author={Qin, Hua and Rau, Pei-Luen Patrick and Salvendy, Gavriel},
  journal={Interacting with Computers},
  volume={22},
  number={3},
  pages={230--239},
  year={2009},
  publisher={Oxford University Press Oxford, UK}
}

@article{alexander2013investigation,
  title={An investigation of the effects of game difficulty on player enjoyment},
  author={Alexander, Justin T and Sear, John and Oikonomou, Andreas},
  journal={Entertainment computing},
  volume={4},
  number={1},
  pages={53--62},
  year={2013},
  publisher={Elsevier}
}

@book{czikszentmihalyi1990flow,
  title={Flow: The psychology of optimal experience},
  author={Czikszentmihalyi, Mihaly},
  year={1990},
  publisher={New York: Harper \& Row}
}

@incollection{csikszentmihalyi2014toward,
  title={Toward a psychology of optimal experience},
  author={Csikszentmihalyi, Mihaly},
  booktitle={Flow and the foundations of positive psychology},
  pages={209--226},
  year={2014},
  publisher={Springer}
}

@book{salen2004rules,
  title={Rules of play: Game design fundamentals},
  author={Salen, Katie and Tekinba{\c{s}}, Katie Salen and Zimmerman, Eric},
  year={2004},
  publisher={MIT press}
}

@inproceedings{gilleade2004using,
  title={Using frustration in the design of adaptive videogames},
  author={Gilleade, Kiel M and Dix, Alan},
  booktitle={Proceedings of the 2004 ACM SIGCHI International Conference on Advances in computer entertainment technology},
  pages={228--232},
  year={2004},
  organization={ACM}
}

@incollection{mcmahan2013immersion,
  title={Immersion, engagement, and presence: A method for analyzing 3-D video games},
  author={McMahan, Alison},
  booktitle={The video game theory reader},
  pages={89--108},
  year={2013},
  publisher={Routledge}
}

@inproceedings{chanel2008boredom,
  title={Boredom, engagement and anxiety as indicators for adaptation to difficulty in games},
  author={Chanel, Guillaume and Rebetez, Cyril and B{\'e}trancourt, Mireille and Pun, Thierry},
  booktitle={Proceedings of the 12th international conference on Entertainment and media in the ubiquitous era},
  pages={13--17},
  year={2008},
  organization={ACM}
}

@book{koster2013theory,
  title={Theory of fun for game design},
  author={Koster, Raph},
  year={2013},
  publisher={" O'Reilly Media, Inc."}
}

@inproceedings{yannakakis2012game,
  title={Game AI revisited},
  author={Yannakakis, Geogios N},
  booktitle={Proceedings of the 9th conference on Computing Frontiers},
  pages={285--292},
  year={2012},
  organization={ACM}
}

@inproceedings{hunicke2005case,
  title={The case for dynamic difficulty adjustment in games},
  author={Hunicke, Robin},
  booktitle={Proceedings of the 2005 ACM SIGCHI International Conference on Advances in computer entertainment technology},
  pages={429--433},
  year={2005},
  organization={ACM}
}

@inproceedings{yannakakis2011ranking,
  title={Ranking vs. preference: a comparative study of self-reporting},
  author={Yannakakis, Georgios N and Hallam, John},
  booktitle={International Conference on Affective Computing and Intelligent Interaction},
  pages={437--446},
  year={2011},
  organization={Springer}
}

@article{zohaib2018dynamic,
  title={Dynamic Difficulty Adjustment (DDA) in Computer Games: A Review},
  author={Zohaib, Mohammad},
  journal={Advances in Human-Computer Interaction},
  volume={2018},
  year={2018},
  publisher={Hindawi}
}

@article{wheat2013dynamically,
  title={Dynamically adjusting game-play in 2D platformers using procedural level generation},
  author={Wheat, Daniel},
  year={2013}
}

@inproceedings{yannakakis2013player,
  title={Player modeling},
  author={Yannakakis, Georgios N and Spronck, Pieter and Loiacono, Daniele and Andr{\'e}, Elisabeth},
  year={2013},
  organization={Schloss Dagstuhl-Leibniz-Zentrum fuer Informatik}
}

@inproceedings{jennings2010polymorph,
  title={Polymorph: dynamic difficulty adjustment through level generation},
  author={Jennings-Teats, Martin and Smith, Gillian and Wardrip-Fruin, Noah},
  booktitle={Proceedings of the 2010 Workshop on Procedural Content Generation in Games},
  pages={11},
  year={2010},
  organization={ACM}
}

@book{preece1994human,
  title={Human-computer interaction},
  author={Preece, Jenny and Rogers, Yvonne and Sharp, Helen and Benyon, David and Holland, Simon and Carey, Tom},
  year={1994},
  publisher={Addison-Wesley Longman Ltd.}
}

@article{fischer2001user,
  title={User modeling in human--computer interaction},
  author={Fischer, Gerhard},
  journal={User modeling and user-adapted interaction},
  volume={11},
  number={1-2},
  pages={65--86},
  year={2001},
  publisher={Springer}
}

@inproceedings{pedersen2009modeling,
  title={Modeling player experience in super mario bros},
  author={Pedersen, Chris and Togelius, Julian and Yannakakis, Georgios N},
  booktitle={2009 IEEE Symposium on Computational Intelligence and Games},
  pages={132--139},
  year={2009},
  organization={IEEE}
}

@inproceedings{mikami2017adaptable,
  title={Adaptable Game Experience Based on Player's Performance and EEG},
  author={Mikami, Koji and Kondo, Kunio and others},
  booktitle={2017 Nicograph International (NicoInt)},
  pages={1--8},
  year={2017},
  organization={IEEE}
}

@inproceedings{booth2009ai,
  title={The ai systems of left 4 dead},
  author={Booth, Michael},
  booktitle={Artificial Intelligence and Interactive Digital Entertainment Conference at Stanford, 2009},
  year={2009}
}


@inproceedings{ambinder2011biofeedback,
  title={Biofeedback in gameplay: How valve measures physiology to enhance gaming experience},
  author={Ambinder, Mike},
  booktitle={game developers conference},
  volume={2011},
  year={2011}
}

@article{goddard2006designing,
  title={Designing surveys and questionnaires for research},
  author={Goddard, RD and Villanova, Peter},
  journal={The psychology research handbook: A guide for graduate students and research assistants},
  pages={114--125},
  year={2006}
}

@book{litwin1995measure,
  title={How to measure survey reliability and validity},
  author={Litwin, Mark S},
  volume={7},
  year={1995},
  publisher={Sage}
}

@book{fowler1995improving,
  title={Improving survey questions: Design and evaluation},
  author={Fowler Jr, Floyd J and Fowler, Floyd J},
  year={1995},
  publisher={Sage}
}

@article{evans2005value,
  title={The value of online surveys},
  author={Evans, Joel R and Mathur, Anil},
  journal={Internet research},
  volume={15},
  number={2},
  pages={195--219},
  year={2005},
  publisher={Emerald Group Publishing Limited}
}

@article{Chen:2007:FG:1232743.1232769,
 author = {Chen, Jenova},
 title = {Flow in Games (and Everything else)},
 journal = {Commun. ACM},
 issue_date = {April 2007},
 volume = {50},
 number = {4},
 month = apr,
 year = {2007},
 issn = {0001-0782},
 pages = {31--34},
 numpages = {4},
 url = {http://doi.acm.org/10.1145/1232743.1232769},
 doi = {10.1145/1232743.1232769},
 acmid = {1232769},
 publisher = {ACM},
 address = {New York, NY, USA},
}

@article{spronck2004online,
  title={Online adaptation of game opponent AI with dynamic scripting},
  author={Spronck, Pieter and Sprinkhuizen-Kuyper, Ida and Postma, Eric},
  journal={International Journal of Intelligent Games and Simulation},
  volume={3},
  number={1},
  pages={45--53},
  year={2004}
}

@article{spronck2006adaptive,
  title={Adaptive game AI with dynamic scripting},
  author={Spronck, Pieter and Ponsen, Marc and Sprinkhuizen-Kuyper, Ida and Postma, Eric},
  journal={Machine Learning},
  volume={63},
  number={3},
  pages={217--248},
  year={2006},
  publisher={Springer}
}

@article{woodcock2000future,
  title={The future of game AI: A personal view},
  author={Woodcock, S},
  journal={Game Developer Magazine},
  volume={7},
  number={8},
  year={2000}
}

@article{rabin2004promising,
  title={Promising game AI techniques},
  author={Rabin, Steve},
  journal={AI Game Programming Wisdom},
  volume={2},
  pages={15--27},
  year={2004}
}

@article{demasi2003line,
  title={On-line coevolution for action games},
  author={Demasi, Pedro and Adriano, J de O},
  journal={International Journal of Intelligent Games \& Simulation},
  volume={2},
  number={2},
  year={2003}
}

@book{fullerton2004game,
  title={Game design workshop: Designing, prototyping, \& playtesting games},
  author={Fullerton, Tracy and Swain, Chris and Hoffman, Steven},
  year={2004},
  publisher={CRC Press}
}

@article{liden2003artificial,
  title={Artificial stupidity: The art of intentional mistakes},
  author={Lid{\'e}n, Lars},
  journal={AI game programming wisdom},
  volume={2},
  pages={41--48},
  year={2003}
}



@article{bartle1996hearts,
  title={Hearts, clubs, diamonds, spades: Players who suit MUDs},
  author={Bartle, Richard},
  journal={Journal of MUD research},
  volume={1},
  number={1},
  pages={19},
  year={1996}
}

@inproceedings{xue2017dynamic,
  title={Dynamic difficulty adjustment for maximized engagement in digital games},
  author={Xue, Su and Wu, Meng and Kolen, John and Aghdaie, Navid and Zaman, Kazi A},
  booktitle={Proceedings of the 26th International Conference on World Wide Web Companion},
  pages={465--471},
  year={2017},
  organization={International World Wide Web Conferences Steering Committee}
}

@article{hrobjartsson2013observer,
  title={Observer bias in randomized clinical trials with measurement scale outcomes: a systematic review of trials with both blinded and nonblinded assessors},
  author={Hr{\'o}bjartsson, Asbj{\o}rn and Thomsen, Ann Sofia Skou and Emanuelsson, Frida and Tendal, Britta and Hilden, J{\o}rgen and Boutron, Isabelle and Ravaud, Philippe and Brorson, Stig},
  journal={Cmaj},
  volume={185},
  number={4},
  pages={E201--E211},
  year={2013},
  publisher={Can Med Assoc}
}

@inproceedings{pinelle2008heuristic,
  title={Heuristic evaluation for games: usability principles for video game design},
  author={Pinelle, David and Wong, Nelson and Stach, Tadeusz},
  booktitle={Proceedings of the SIGCHI Conference on Human Factors in Computing Systems},
  pages={1453--1462},
  year={2008},
  organization={ACM}
}

@article{liu2009dynamic,
  title={Dynamic difficulty adjustment in computer games through real-time anxiety-based affective feedback},
  author={Liu, Changchun and Agrawal, Pramila and Sarkar, Nilanjan and Chen, Shuo},
  journal={International Journal of Human-Computer Interaction},
  volume={25},
  number={6},
  pages={506--529},
  year={2009},
  publisher={Taylor \& Francis}
}

@inproceedings{denisova2015adaptation,
  title={Adaptation in digital games: the effect of challenge adjustment on player performance and experience},
  author={Denisova, Alena and Cairns, Paul},
  booktitle={Proceedings of the 2015 Annual Symposium on Computer-Human Interaction in Play},
  pages={97--101},
  year={2015},
  organization={ACM}
}

@article{ijsselsteijn2013game,
  title={The game experience questionnaire},
  author={IJsselsteijn, WA and De Kort, YAW and Poels, Karolien},
  journal={Eindhoven: Technische Universiteit Eindhoven},
  year={2013}
}

@article{winkler1982controlling,
  title={Controlling for acquiescence response set in scale development.},
  author={Winkler, John D and Kanouse, David E and Ware, John E},
  journal={Journal of Applied Psychology},
  volume={67},
  number={5},
  pages={555},
  year={1982},
  publisher={American Psychological Association}
}

@computer{gdpr,
  title={Guide to the General Data Protection Regulation},
  year={2018},
  url={https://www.gov.uk/government/publications/guide-to-the-general-data-protection-regulation},
  publisher={Information Commissioner's Office}
}

@computer{bcs,
  title={BCS Code of Conduct},
  year={2019},
  url={https://www.bcs.org/membership/become-a-member/bcs-code-of-conduct/},
  publisher={British Computer Society}
}

@software{homeworld,
  title={Homeworld},
  year={1999},
  publisher={Sierra Studios}
}

@misc{game:homeworld,
    title         = "{H}omeworld",
    organization  = "Sierra Studios",
    year          = "1999",
}
@misc{game:re4,
    title         = "{R}esident {E}vil 4",
    organization  = "Capcom",
    year          = "2005",
}
@misc{game:left4dead,
    title         = "{L}eft 4 {D}ead",
    organization  = "Valve",
    year          = "2008",
}
@misc{game:left4dead2,
    title         = "{L}eft 4 {D}ead 2",
    organization  = "Valve",
    year          = "2009",
}

@misc{game:halflife,
    title         = "{H}alf-{L}ife",
    organization  = "Sierra Studios",
    year          = "1998",
}

@incollection{isaias2015information,
  title={Information system development life cycle models},
  author={Isaias, Pedro and Issa, Tomayess},
  booktitle={High Level Models and Methodologies for Information Systems},
  pages={21--40},
  year={2015},
  publisher={Springer}
}

@article{weisstein2004bonferroni,
  title={Bonferroni correction},
  author={Weisstein, Eric W},
  journal={https://mathworld. wolfram. com/},
  year={2004},
  publisher={Wolfram Research, Inc.}
}